<?xml version="1.0" encoding="UTF-8"?><collection xmlns="http://www.loc.gov/MARC21/slim"><record><leader>00439nam--2200169-i-4500</leader><controlfield tag="001">000043557</controlfield><controlfield tag="002">20161230</controlfield><controlfield tag="005">20170112230604</controlfield><controlfield tag="008">060222s1000------------r-----000-0-eng-d</controlfield><datafield ind1=" " ind2=" " tag="080"><subfield code="a">530.145</subfield></datafield><datafield ind1=" " ind2=" " tag="100"><subfield code="a">Takahashi, Yasundo</subfield></datafield><datafield ind1=" " ind2=" " tag="245"><subfield code="a">An introduction to field quantization</subfield></datafield><datafield ind1=" " ind2=" " tag="260"><subfield code="a">Oxford</subfield><subfield code="b">Pergamon Press</subfield><subfield code="c">1969</subfield></datafield><datafield ind1=" " ind2=" " tag="300"><subfield code="a">XI + 298 p</subfield></datafield><datafield ind1=" " ind2=" " tag="490"><subfield code="a">Series In Natural Philosophy</subfield></datafield><datafield ind1=" " ind2=" " tag="852"><subfield code="a">39640</subfield></datafield><datafield ind1=" " ind2=" " tag="CAT"><subfield code="a">SYS</subfield><subfield code="c">20170112</subfield><subfield code="h">230604</subfield></datafield></record></collection>